@online{mf,
    author = "Michael Fogleman",
    title = "Solving Rush Hour, the Puzzle",
    url  = "https://www.michaelfogleman.com/rush/",
    addendum = "(acedido a 23.10.2022)",
    keywords = "rushhour"
}

@online{shifter,
    author = "Wikipedia",
    title = "Rush Hour (puzzle)",
    url  = "https://en.wikipedia.org/wiki/Rush_Hour_(puzzle)",
    addendum = "(acedido a 18.10.2022)",
    keywords = "arcade"
}

@online{obm,
    author = "Itzik Oskovski, Oded Valtzer, Oren Ben Meir",
    title = "Rush Hour",
    url = "https://www.cs.huji.ac.il/w~ai/projects/2015/RushHour/files/report.pdf",
    addendum = "(acedido a 21.10.2022)",
    keywords = "heuristic"
}

@online{api,
    author = "Abbas Hommadi",
    title = "AI-for-rush-hour-game",
    url = "http://abbashommadi.github.io/AI-for-Rush-Hour-Game/",
    addendum = "(acedido a 20.10.2022)",
    keywords = "heuristic"
}

