@online{graphh,
    author = "Akshat Verma",
    title = "Graphics Card Components and Connectors Explained",
    url  = "https://graphicscardhub.com/graphics-card-component-connectors/",
    addendum = "(acedido a 09.12.2020)",
    keywords = "gpu"
}

@online{shifter,
    author = "Olena Alta",
    title = "A Brief History of GPU",
    url  = "https://medium.com/altumea/a-brief-history-of-gpu-47d98d6a0f8a",
    addendum = "(acedido a 10.12.2020)",
    keywords = "arcade"
}

@online{api,
    author = "RoD",
    title = "OpenGL vs. DirectX: A Comparison",
    url = "https://www.cprogramming.com/tutorial/openglvsdirectx.html",
    addendum = "(acedido a 12.12.2020)",
    keywords = "api"
}

@online{market,
    author = "An√≥nimo",
    title = "The History of Gaming: The evolution of GPUs",
    url  = "https://shadow.tech/en-gb/blog/gaming/history-of-gaming-gpus",
    addendum = "(acedido a 17.12.2020)",
    keywords = "market"
}

@online{nvidia,
    author = "Martin Stich",
    title = "Introduction to NVIDIA RTX and DirectX Ray Tracing",
    url = "https://developer.nvidia.com/blog/introduction-nvidia-rtx-directx-ray-tracing/",
    addendum = "(acedido a 18.12.2020)",
    keywords = "raytracing"
}

@online{directx,
    author = "D3D Team",
    title = "Announcing Microsoft DirectX Raytracing!",
    url = "https://devblogs.microsoft.com/directx/announcing-microsoft-directx-raytracing/",
    addendum = "(acedido a 18.12.2020)",
    keywords = "dxr"
}